
@article{marshall2021high__,
    title = {High-Pressure Synthesis of Bulk Cobalt Cementite, \ce{Co3C}},   
    author = {Paul V. Marshall and Zeynep Alptekin and Scott D. Thiel and Dean Smith and Yue Meng and James P. S. Walsh},
    journal = {Chem. Mater.},
    year = {2021},
    volume = {33},
    number = {24},
    pages = {9601--9607},
    month = {12},
}

@article{thiel2022first__,
    author = {Thiel, Scott D. and Walsh, James P. S.},
    title = {First-Principles Investigation of Phase Stability in Substoichiometric Zirconium Carbide under High Pressure},
    journal = {Adv. Theory Simul.},
    volume = {5},
    number = {12},
    pages = {2200439},
    keywords = {carbides, cluster expansion, DFT calculations, first principles, high pressure},
    doi = {https://doi.org/10.1002/adts.202200439},
    url = {https://onlinelibrary.wiley.com/doi/abs/10.1002/adts.202200439},
    eprint = {https://onlinelibrary.wiley.com/doi/pdf/10.1002/adts.202200439},
    year = {2022}
}

@inbook{thiel2022xray__,
    chapter = {X-ray diffraction methods for high-pressure solid-state synthesis},
    booktitle = {Comprehensive Inorganic Chemistry III},
    publisher = {Elsevier},
    year = {2022},
    isbn = {978-0-12-409547-2},
    doi = {https://doi.org/10.1016/B978-0-12-823144-9.00103-5},
    url = {https://www.sciencedirect.com/science/article/pii/B9780128231449001035},
    author = {Scott D. Thiel and Alexandra D. Tamerius and James P. S. Walsh},
    edition = {Third Edition},
    pages = {200-221},
    address = {Oxford}
}

@article{marshall2023combined__,
    title = {Combined First-Principles and Experimental Investigation into the Reactivity of Codeposited Chromium-Carbon under Pressure},   
    author = {Paul V. Marshall and Scott D. Thiel and Elizabeth E. Cote and Rostislav Hrubiak and Matthew L. Whitaker and Yue Meng and James P. S. Walsh},
    journal = {ACS Mater. Au},
    year = {2024},
    month = {7},
    doi = {https://doi.org/10.1021/acsmaterialsau.3c00086},
    publisher = {American Chemical Society},
    volume = {4},
    number = {4},
    pages = {393-402}
}

@article{manganaro2024high__,
    author = {Nicholas S. Manganaro and Scott D. Ambos and Matthew DeCapua and Scott D. Thiel and Wyatt E. Mitchell and Zhenxian Liu and Dongzhou Zhang and Phuong Q. H. Nguyen and Barbara Lavina and Esen Ercan Alp and Jun Yan and James P. S. Walsh},
    title = {High-pressure polymorphism in silver ferrite delafossite, \ce{AgFeO2}},
    year = {2024},
    month = {5},
    journal = {Inorg. Chem.},
    volume = {63},
    number = {21},
    pages = {9763--9770}
}

@article{marshall2024high__,
    author = {Paul V. Marshall and Scott D. Thiel and Elizabeth E. Cote and John Arigbede and Yue Meng and Matthew L. Whitaker and James P. S. Walsh},
    title = {High-pressure synthesis and recovery of single crystals of the
metastable manganese carbide, \ce{MnC_x}},
    year = {2024},
    month = {7},
    journal = {Chem. Eur. J.},
    volume = {30},
    number = {42},
    pages = {e202401581}

}
